@inproceedings{smart,
  title={Smartsynth: Synthesizing smartphone automation scripts from natural language},
  author={Le, Vu and Gulwani, Sumit and Su, Zhendong},
  booktitle={Proceeding of the 11th annual international conference on Mobile systems, applications, and services},
  pages={193--206},
  year={2013},
  organization={ACM}
}

@inproceedings{dep,
  title={Learning context-dependent mappings from sentences to logical form},
  author={Zettlemoyer, Luke S and Collins, Michael},
  booktitle={Proceedings of the Joint Conference of the 47th Annual Meeting of the ACL and the 4th International Joint Conference on Natural Language Processing of the AFNLP: Volume 2-Volume 2},
  pages={976--984},
  year={2009},
  organization={Association for Computational Linguistics}
}

@inproceedings{wasp,
  title={Learning for semantic parsing with statistical machine translation},
  author={Wong, Yuk Wah and Mooney, Raymond J},
  booktitle={Proceedings of the main conference on Human Language Technology Conference of the North American Chapter of the Association of Computational Linguistics},
  pages={439--446},
  year={2006},
  organization={Association for Computational Linguistics}
}

@inproceedings{typebase,
  title={Type-directed completion of partial expressions},
  author={Perelman, Daniel and Gulwani, Sumit and Ball, Thomas and Grossman, Dan},
  booktitle={PLDI},
  pages={275--286},
  year={2012},
  organization={ACM}
}

@inproceedings{input,
  title={Automating string processing in spreadsheets using input-output examples},
  author={Gulwani, Sumit},
  booktitle={POPL},
  pages={317--330},
  year={2011},
  organization={ACM}
}

@MISC{codebat,
title = {CodingBat. http://www.codingbat.com/}
}

@book{taocp,
  title={The art of computer programming: sorting and searching},
  author={Knuth, Donald Ervin},
  volume={3},
  year={1998},
  publisher={Pearson Education}
}
